@Book{eflp-core,
 author = {Gray Calhoun},
 title = {Core Econometrics Notes},
 publisher = {Econometrics Free Library Project,
 \url{http://www.econometricslibrary.org}},
 year = {YEAR},
 note = {Version unknown}}