@InCollection{Ber05,
  title =        {Reference analysis},
  booktitle =    {Handbook of statistics},
  author =       {Bernardo, Jos√© M.},
  volume =       25,
  publisher =    {North Holland},
  pages =        {17-90},
  year =         2005}

@Book{CB02,
  author =	 {George Casella and Roger L. Berger},
  title =	 {Statistical Inference},
  publisher =	 {Duxbury},
  year =	 2002,
  edition =	 {2nd}}

@Book{DH97,
  author = 	 {A. C. Davison and D. V. Hinkley},
  title = 	 {Bootstrap Methods and their Application},
  publisher = 	 {Cambridge University Press},
  year = 	 1997}

@Book{Gre12,
  author = 	 {William H. Greene},
  title = 	 {Econometric Analysis},
  publisher = 	 {Prentice Hall},
  year = 	 2012,
  edition = 	 {7th}}

@Book{Hal91,
  author = 	 {Peter Hall},
  title = 	 {The Bootstrap and Edgeworth Expansion},
  publisher = 	 {Springer},
  year = 	 1991}

@Article{Han:82,
  author={Hansen, Lars Peter},
  title={Large Sample Properties of Generalized Method of Moments Estimators},
  journal={Econometrica},
  year=1982,
  volume=50,
  number=4,
  pages={1029-1054},
  url={http://ideas.repec.org/a/ecm/emetrp/v50y1982i4p1029-54.html}
}

@Book{Hay:00,
  title =        {Econometrics},
  author =       {Hayashi, Fumio},
  publisher =    {Princeton University Press},
  year =         2000
}


@Book{KZ08,
  author = 	 {Christian Kleiber and Achim Zeileis},
  title = 	 {Applied Econometrics with R},
  publisher = 	 {Springer},
  year = 	 2008,
  series = 	 {Use R!}}

@Book{LR:05,
  author = 	 {E.L. Lehmann and Joseph P. Romano},
  title = 	 {Testing Statistical Hypotheses},
  publisher = 	 {Springer},
  year = 	 2005,
  edition = 	 {3rd}}

@book{SB94,
  title={Mathematics for economists},
  author={Simon, Carl P and Blume, Lawrence},
  year=1994,
  publisher={{W}. {W}. {Norton} \& {Company}}
}

@Book{SL03,
  title =	 {Linear regression analysis},
  publisher =	 {{Wiley-Interscience}},
  author =	 {George Seber and Alan Lee},
  year =	 2003,
  edition =	 {2nd}}

@article{Whi80,
  title =        {A heteroskedasticity-consistent covariance matrix
                  estimator and a direct test for heteroskedasticity},
  author =       {Halbert White},
  journal =      {Econometrica},
  pages =        {817-838},
  year =         1980}
